@online{Chang2022,
  author = {Dominguez, Dayron Chang},
  title = {Scientific Computing in Python},
  url = {https://www.pec3.org/events/python2022},
  urldate = {2022-10-23},
}

@online{Wick2022,
  author = {Thomas Wick and Sebastian Kinnewig and Stefan Frei and Malte Braack
            and Carolin Mehlmann and Thomas Richter},
  title = {Escuela de Primavera sobre Computación Científica},
  url = {https://www.pec3.org/events/school2022/materials.php},
  urldate = {2022-10-23},
}

@book{Johansson2019,
  author = {Johansson, Robert},
  title = {Numerical Python},
  year = {2019},
  publisher = {Apress Berkeley, CA},
  isbn = {978-1-4842-4246-9},
}